<record xmlns="http://www.loc.gov/MARC21/slim" xmlns:xsi="http://www.w3.org/2001/XMLSchema-instance" xsi:schemaLocation="http://www.loc.gov/MARC21/slim http://www.loc.gov/standards/marcxml/schema/MARC21slim.xsd"><leader>00037nz   2200037n  4500</leader><controlfield tag="001">DNB|102384088</controlfield><controlfield tag="003">DNB</controlfield><controlfield tag="005">19960808164018.0</controlfield><controlfield tag="008">930416|||az|nnaa|||||||||||| a|aaa|||| d</controlfield><datafield ind1="7" ind2=" " tag="016"><subfield code="a">102384088</subfield><subfield code="2">GyFmDB</subfield></datafield><datafield ind1=" " ind2=" " tag="040"><subfield code="a">0000</subfield><subfield code="b">ger</subfield><subfield code="d">9999</subfield><subfield code="f">RAK-PND</subfield></datafield><datafield ind1="1" ind2=" " tag="045"><subfield code="b">dum 380/376 v. Chr.</subfield></datafield><datafield ind1="0" ind2=" " tag="100"><subfield code="a">Carcinus,</subfield><subfield code="c">Tragicus</subfield><subfield code="d">um 380/376 v. Chr.</subfield></datafield><datafield ind1="0" ind2=" " tag="400"><subfield code="a">Karkinos,</subfield><subfield code="c">Tragiker</subfield><subfield code="d">um 380/376 v. Chr.</subfield></datafield><datafield ind1="0" ind2=" " tag="400"><subfield code="a">Karkinos,</subfield><subfield code="c">Sohn des Xenokles</subfield><subfield code="d">um 380/376 v. Chr.</subfield></datafield><datafield ind1="0" ind2=" " tag="400"><subfield code="a">Carcinus,</subfield><subfield code="c">Iunior</subfield><subfield code="d">um 380/376 v. Chr.</subfield></datafield><datafield ind1="0" ind2=" " tag="400"><subfield code="a">Carcino,</subfield><subfield code="c">di Agrigento</subfield><subfield code="d">um 380/376 v. Chr.</subfield></datafield><datafield ind1="0" ind2=" " tag="400"><subfield code="a">Carcino,</subfield><subfield code="c">Poeta Tragico</subfield><subfield code="d">um 380/376 v. Chr.</subfield></datafield><datafield ind1="0" ind2=" " tag="400"><subfield code="a">Carcinus,</subfield><subfield code="c">Minor</subfield><subfield code="d">um 380/376 v. Chr.</subfield></datafield><datafield ind1="0" ind2=" " tag="400"><subfield code="a">Carcinus,</subfield><subfield code="c">the Younger</subfield><subfield code="d">um 380/376 v. Chr.</subfield></datafield><datafield ind1="0" ind2=" " tag="400"><subfield code="a">Carcinus,</subfield><subfield code="c">of Akragas</subfield><subfield code="d">um 380/376 v. Chr.</subfield></datafield><datafield ind1="0" ind2=" " tag="400"><subfield code="a">Carcinus,</subfield><subfield code="c">Dramatist</subfield><subfield code="d">um 380/376 v. Chr.</subfield></datafield><datafield ind1="0" ind2=" " tag="400"><subfield code="a">Karkinos,</subfield><subfield code="c">der Jüngere</subfield><subfield code="d">um 380/376 v. Chr.</subfield></datafield><datafield ind1="0" ind2=" " tag="400"><subfield code="a">Carcinus,</subfield><subfield code="c">Filius Xenochi</subfield><subfield code="d">um 380/376 v. Chr.</subfield></datafield></record>